<record><leader>00000cas a22000007a 4500</leader><controlfield tag="001">11853318</controlfield><controlfield tag="008">850327d19321988gaudn ne      0   a0eng d</controlfield><datafield ind1=" " ind2=" " tag="010"><subfield code="a">sn 85009788 </subfield></datafield><datafield ind1=" " ind2=" " tag="040"><subfield code="a">NSD</subfield><subfield code="b">eng</subfield><subfield code="c">NSD</subfield><subfield code="d">NYS</subfield><subfield code="d">NLG</subfield><subfield code="d">DLC</subfield><subfield code="d">GUA</subfield><subfield code="d">OCLCQ</subfield><subfield code="d">OCLCF</subfield><subfield code="d">OCLCO</subfield></datafield><datafield ind1=" " ind2=" " tag="012"><subfield code="j">0</subfield><subfield code="m">d</subfield></datafield><datafield ind1="1" ind2=" " tag="022"><subfield code="a">8750-8389</subfield><subfield code="l">8750-8389</subfield><subfield code="2">1</subfield></datafield><datafield ind1="1" ind2=" " tag="029"><subfield code="a">AU@</subfield><subfield code="b">000025783732</subfield></datafield><datafield ind1=" " ind2=" " tag="042"><subfield code="a">nsdp</subfield></datafield><datafield ind1=" " ind2=" " tag="043"><subfield code="a">n-us-ga</subfield></datafield><datafield ind1="0" ind2=" " tag="130"><subfield code="a">Columbus enquirer (Columbus, Ga. : 1932)</subfield></datafield><datafield ind1=" " ind2="4" tag="222"><subfield code="a">The Columbus enquirer</subfield><subfield code="b">(Metro ed.)</subfield></datafield><datafield ind1="0" ind2="4" tag="245"><subfield code="a">The Columbus enquirer.</subfield></datafield><datafield ind1="1" ind2=" " tag="246"><subfield code="i">On Saturday published as:</subfield><subfield code="a">Saturday enquirer and ledger</subfield></datafield><datafield ind1="1" ind2=" " tag="246"><subfield code="i">On Sunday published as:</subfield><subfield code="a">Sunday enquirer ledger</subfield></datafield><datafield ind1=" " ind2=" " tag="260"><subfield code="a">Columbus, Ga. :</subfield><subfield code="b">R.W. Page Corp.,</subfield><subfield code="c">[1932-1988]</subfield></datafield><datafield ind1=" " ind2=" " tag="310"><subfield code="a">Daily (except twice on Wednesday, and not on Saturday, Sunday or holiday)</subfield></datafield><datafield ind1="0" ind2=" " tag="362"><subfield code="a">Vol. 104, no. 216 (Dec. 7, 1932)-160th year, 200 issue (Jan. 15, 1988).</subfield></datafield><datafield ind1=" " ind2=" " tag="530"><subfield code="a">Also on microfilm: Athens, Ga. : University of Georgia Libraries.</subfield></datafield><datafield ind1=" " ind2=" " tag="580"><subfield code="a">Also published in Georgia, Alabama and Metro editions.</subfield></datafield><datafield ind1=" " ind2=" " tag="580"><subfield code="a">Merged with: Columbus ledger, to form: Columbus ledger-enquirer.</subfield></datafield><datafield ind1=" " ind2="0" tag="651"><subfield code="a">Columbus (Ga.)</subfield><subfield code="v">Newspapers.</subfield></datafield><datafield ind1=" " ind2="0" tag="651"><subfield code="a">Muscogee County (Ga.)</subfield><subfield code="v">Newspapers.</subfield></datafield><datafield ind1=" " ind2="7" tag="655"><subfield code="a">Newspapers.</subfield><subfield code="2">fast</subfield><subfield code="0">(OCoLC)fst01423814</subfield></datafield><datafield ind1=" " ind2="7" tag="651"><subfield code="a">Georgia</subfield><subfield code="z">Columbus.</subfield><subfield code="2">fast</subfield><subfield code="0">(OCoLC)fst01214575</subfield></datafield><datafield ind1=" " ind2="7" tag="651"><subfield code="a">Georgia</subfield><subfield code="z">Muscogee County.</subfield><subfield code="2">fast</subfield><subfield code="0">(OCoLC)fst01216552</subfield></datafield><datafield ind1=" " ind2=" " tag="752"><subfield code="a">United States</subfield><subfield code="b">Georgia</subfield><subfield code="c">Muscogee</subfield><subfield code="d">Columbus.</subfield></datafield><datafield ind1="0" ind2="0" tag="780"><subfield code="t">Columbus enquirer-sun (Columbus, Ga. : 1896)</subfield><subfield code="w">(DLC)sn 89071257</subfield><subfield code="w">(OCoLC)19569083</subfield></datafield><datafield ind1="1" ind2="7" tag="785"><subfield code="t">Columbus ledger</subfield><subfield code="w">(DLC)sn 82015428</subfield><subfield code="w">(OCoLC)8808667</subfield></datafield><datafield ind1="1" ind2="7" tag="785"><subfield code="t">Columbus ledger-enquirer</subfield><subfield code="x">0898-3860</subfield><subfield code="w">(DLC)sn 88001073</subfield><subfield code="w">(OCoLC)17797136</subfield></datafield></record>